@article{CRMECA_2023__351_S1_357_0,
     author = {Albert Cohen and Charbel Farhat and Yvon Maday and Agustin Somacal},
     title = {Nonlinear compressive reduced basis approximation for {PDE{\textquoteright}s}},
     year = {2023},
     }

@article{BARNETT2023112420,
title = {Neural-network-augmented projection-based model order reduction for mitigating the Kolmogorov barrier to reducibility},
year = {2023},
author = {Joshua Barnett and Charbel Farhat and Yvon Maday},
}

@Inbook{Ballout2024,
author="Ballout, Hassan
and Maday, Yvon
and Prud'homme, Christophe",
title="Nonlinear compressive reduced basis approximation for multi-parameter elliptic problem",
year={2024},
}

@article{LEE2020108973,
title = {Model reduction of dynamical systems on nonlinear manifolds using deep convolutional autoencoders},
year = {2020},
author = {Kookjin Lee and Kevin T. Carlberg},
}



@article{annurev:/content/journals/10.1146/annurev-fluid-121021-025220,
   author = {Karen E. Willcox and Boris Kramer and Benjamin  Peherstorfer },
   title = "Learning Nonlinear Reduced Models from Data with Operator Inference", 
   year = "2024",  
  }

@article{Franco_2022,
   title={A deep learning approach to Reduced Order Modelling of parameter dependent partial differential equations},
   author={Manzoni, Andrea and  Franco, Nicola  and Zunino, Paolo},
   year={2022},
   }

@article{Benjamin_2022,
   title={Breaking the Kolmogorov barrier with nonlinear model reduction.},
   author={Peherstorfer, Benjamin},
   year={2022},
   }
